@article{malikMeaning,
  title={Components of heart rate variability--what they really mean and what we really measure.},
  author={Malik, M. and Camm, A.J.},
  journal={The American journal of cardiology},
  volume={72},
  number={11},
  pages={821},
  year={1993}
}
@article{kemp2003european,
  title={European data format ‘plus’(EDF+), an EDF alike standard format for the exchange of physiological data},
  author={Kemp, B. and Olivan, J.},
  journal={Clinical Neurophysiology},
  volume={114},
  number={9},
  pages={1755--1761},
  year={2003},
  publisher={Elsevier}
}



@article{physioNet,
 author = "Goldberger, A. L. and Amaral, L. A. N. and Glass, L. and
	   Hausdorff, J. M. and Ivanov, P. Ch. and Mark, R. G. and
	   Mietus, J. E. and Moody, G. B. and Peng, C.-K. and Stanley, H. E.",
 title = "{PhysioBank, PhysioToolkit, and PhysioNet}: Components of a New
	  Research Resource for Complex Physiologic Signals",
 journal = "Circulation",
 year = "2000 (June 13)",
 volume = "101",
 number = "23",
 pages = "e215--e220",
 note = "Circulation Electronic Pages:
         http://circ.ahajournals.org/cgi/content/full/101/23/e215
         PMID:1085218; doi: 10.1161/01.CIR.101.23.e215"}

@article{vila1997time,
  title={Time-frequency analysis of heart-rate variability},
  author={Vila, J. and Palacios, F. and Presedo, J. and Fernandez-Delgado, M. and Felix, P. and Barro, S.},
  journal={Engineering in Medicine and Biology Magazine, IEEE},
  volume={16},
  number={5},
  pages={119--126},
  year={1997},
  publisher={IEEE}
}
@article{Beebe2002,
  title={Obstructive sleep apnea and the prefrontal cortex: towards a comprehensive model linking nocturnal upper airway obstruction to daytime cognitive and behavioral deficits},
  author={Beebe, D.W. and Gozal, D.},
  journal={Journal of sleep research},
  volume={11},
  number={1},
  pages={1--16},
  year={2002},
  publisher={Wiley Online Library}
}
@article{lado2012nocturnal,
  title={Nocturnal evolution of heart rate variability indices in sleep apnea},
  author={Lado, M.J. and M{\'e}ndez, A.J. and Rodr{\'\i}guez-Li{\~n}ares, L. and Otero, A. and Vila, X.A.},
  journal={Computers in Biology and Medicine},
  year={2012},
  publisher={Elsevier}
}
@book{daubechies1992ten,
  title={Ten lectures on wavelets},
  author={Daubechies, I.},
  volume={61},
  year={1992},
  publisher={Society for Industrial Mathematics}
}

@article{mccoy,
  title={On the phase of least-asymmetric scaling and wavelet filters},
  author={McCoy, E.J. and Percival, D.B. and Walden, A.T.},
  year={1995},
  publisher={Citeseer}
}
@inproceedings{penzel2000apnea,
  title={The apnea-ECG database},
  author={Penzel, T. and Moody, GB and Mark, RG and Goldberger, AL and Peter, JH},
  booktitle={Computers in Cardiology 2000},
  pages={255--258},
  year={2000},
  organization={IEEE}
}

@article{hessWicker,
  title={Wavelets and time-frequency analysis},
  author={Hess-Nielsen, N. and Wickerhauser, M.V.},
  journal={Proceedings of the IEEE},
  volume={84},
  number={4},
  pages={523--540},
  year={1996},
  publisher={IEEE}
}

@article{saul1988analysis,
  title={Analysis of long term heart rate variability: methods, 1/f scaling and implications.},
  author={Saul, J.P. and Albrecht, P. and Berger, R.D. and Cohen, R.J.},
  journal={Computers in cardiology},
  volume={14},
  pages={419},
  year={1988}
}


@article{malliani,
  title={Cardiovascular neural regulation explored in the frequency domain},
  author={Malliani, A. and Pagani, M. and Lombardi, F. and Cerutti, S.},
  journal={Circulation},
  volume={84},
  number={2},
  pages={482--492},
  year={1991},
  publisher={Am Heart Assoc}
}

@article{24hrecords,
  title={Continuous 24-hour assessment of the neural regulation of systemic arterial pressure and RR variabilities in ambulant subjects},
  author={Furlan, R. and Guzzetti, S. and Crivellaro, W. and Dassi, S. and Tinelli, M. and Baselli, G. and Cerutti, S. and Lombardi, F. and Pagani, M. and Malliani, A.},
  journal={Circulation},
  volume={81},
  number={2},
  pages={537--547},
  year={1990},
  publisher={Am Heart Assoc}
}

@article{appel1989beat,
  title={Beat to beat variability in cardiovascular variables: noise or music?},
  author={Appel, M.L. and Berger, R.D. and Saul, J.P. and Smith, J.M. and Cohen, R.J.},
  journal={Journal of the American College of Cardiology},
  volume={14},
  number={5},
  pages={1139--1148},
  year={1989},
  publisher={Elsevier}
}

@article{kamath,
  title={Power spectral analysis of heart rate variability: a noninvasive signature of cardiac autonomic function.},
  author={Kamath, M.V. and Fallen, E.L. and others},
  journal={Critical reviews in biomedical engineering},
  volume={21},
  number={3},
  pages={245},
  year={1993}
}

@article{pomeranz,
  title={Assessment of autonomic function in humans by heart rate spectral analysis},
  author={Pomeranz, B. and Macaulay, R.J. and Caudill, M.A. and Kutz, I. and Adam, D. and Gordon, D. and Kilborn, K.M. and Barger, A.C. and Shannon, D.C. and Cohen, R.J. and others},
  journal={American Journal of Physiology-Heart and Circulatory Physiology},
  volume={248},
  number={1},
  pages={H151--H153},
  year={1985},
  publisher={Am Physiological Soc}
}


@article{moody2003wfdb,
  title={WFDB applications guide},
  author={Moody, G.B.},
  journal={Harvard-MIT Division of Health Sciences and Technology},
  volume={10},
  year={2003}
}



@article{GrossmanComment,
  title={Breathing rhythms of the heart in a world of no steady state: A comment on Weber, Molenaar, and van der Molen},
  author={Grossman, P.},
  journal={Psychophysiology},
  volume={29},
  number={1},
  pages={66--72},
  year={1992},
  publisher={Wiley Online Library}
}


@article{kubios,
  title={Kubios {HRV} Version 2.0 User's Guide},
  author={Tarvainen, M.P. and Niskanen, J.P.},
  journal={Department of Physics, University of Kuopio, Kuopio, Finland},
  year={2008}
}

@article{trend1,
  title={A method for assessment and processing of biomedical signals containing trend and periodic components},
  author={Mitov, I.P.},
  journal={Medical engineering \& physics},
  volume={20},
  number={9},
  pages={660--668},
  year={1998},
  publisher={Elsevier}
}

@article{trend2,
  title={An advanced detrending method with application to HRV analysis},
  author={Tarvainen, M.P. and Ranta-Aho, P.O. and Karjalainen, P.A.},
  journal={Biomedical Engineering, IEEE Transactions on},
  volume={49},
  number={2},
  pages={172--175},
  year={2002},
  publisher={IEEE}
}

@article{nonstationaryTest,
  title={A nonstationarity test for the spectral analysis of physiological time series with an application to respiratory sinus arrhythmia},
  author={Weber, E.J.M. and Molenaar, P. and Molen, M.W.},
  journal={Psychophysiology},
  volume={29},
  number={1},
  pages={55--62},
  year={1992},
  publisher={Wiley Online Library}
}

@article{forceHRV,
  title={Heart rate variability: standards of measurement, physiological interpretation and clinical use. Task Force of the European Society of Cardiology and the North American Society of Pacing and Electrophysiology},
  author={Force, T.},
  journal={Circulation},
  volume={93},
  number={5},
  pages={1043--65},
  year={1996}
}

@article{QRSdetection,
  title={{ECG QRS} Detection},
  author={Afonso, V.X.},
  journal={Biomedical digital signal processing},
  pages={237--264},
  year={1993},
  publisher={Englewood Cliffs, NJ: Prentice-Hall}
}
@article{akselrod1981,
  title={Power spectrum analysis of heart rate fluctuation: a quantitative probe of beat-to-beat cardiovascular control},
  author={Akselrod, S. and Gordon, D. and Ubel, F.A. and Shannon, D.C. and Berger, A.C. and Cohen, R.J.},
  journal={Science},
  volume={213},
  number={4504},
  pages={220},
  year={1981},
  publisher={American Association for the Advancement of Science}
}

@article{berntson1997,
  title={Heart Rate Variability: Origins, methods and interpretive caveats},
  author={Berntson, G.G.},
  journal={Psychophysiology},
  volume={34},
  pages={623--648},
  year={1997}
}


@article{kautzner1997,
  title={Clinical relevance of heart rate variability},
  author={Kautzner, J. and John Camm, A.},
  journal={Clinical cardiology},
  volume={20},
  number={2},
  pages={162--168},
  year={1997},
  publisher={Wiley Online Library}
}


@Article{mitbih,
  author = 	 "G.B. Moody and R.G. Mark",
  title = 	 "The {MIT-BIH} Arrhythmia Database on CD-ROM and software for use with it",
  journal = 	 "In Computers in Cardiology",
  publisher = 	 "{IEEE} Press",
  year = 	 1990,
  pages = 	 "185-188",
  
}



@book{malik1995,
  title={Heart rate variability},
  author={Malik, M. and Camm, A.J.},
  year={1995},
  publisher={Futura Pub. Co., Armonk, NY}
}

@article{vila1997,
  title={An{\'a}lisis de la variabilidad de se{\~n}ales fisiol{\'o}gicas. Integraci{\'o}n en un sistema de monitorizaci{\'o}n inteligente},
  author={Sobrino, V. and Antonio, J.},
  year={1997},
  publisher={Universidade de Santiago de Compostela}
}


@article{mallatMR,
  title={A theory for multiresolution signal decomposition: The wavelet representation},
  author={Mallat, S.G.},
  journal={Pattern Analysis and Machine Intelligence, IEEE Transactions on},
  volume={11},
  number={7},
  pages={674--693},
  year={1989},
  publisher={IEEE}
}

@article{mallat1989multiresolution,
  title={Multiresolution approximations and wavelet orthonormal bases of L2 (R)},
  author={Mallat, S.},
  journal={Trans. Amer. Math. Soc},
  volume={315},
  number={1},
  year={1989}
}

@book{meyerbook,
  title={Wavelets and operators},
  author={Meyer, Y. and Salinger, D.H. and Cambridge University Press},
  volume={2},
  year={1992},
  publisher={Cambridge Univ Press}
}

@article{gabor1946,
  title={Theory of communication.},
  author={Gabor, D.},
  journal={Electrical Engineers-Part III: Radio and Communication Engineering, Journal of the Institution of},
  volume={93},
  number={26},
  pages={429--441},
  year={1946},
  publisher={IET}
}

@article{gabor1953,
  title={Communication theory and physics},
  author={Gabor, D.},
  journal={Information Theory, IRE Professional Group on},
  volume={1},
  number={1},
  pages={48--59},
  year={1953},
  publisher={IEEE}
}

@book{mallatWTSP,
  title={A wavelet tour of signal processing. Second Edition},
  author={Mallat, S.G.},
  year={1999},
  publisher={Academic Pr}
}
@article{pichot1999,
  title={Wavelet transform to quantify heart rate variability and to assess its instantaneous changes},
  author={Pichot, V. and Gaspoz, J.M. and Molliex, S. and Antoniadis, A. and Busso, T. and Roche, F. and Costes, F. and Quintin, L. and Lacour, J.R. and Barth{\'e}l{\'e}my, J.C.},
  journal={Journal of Applied Physiology},
  volume={86},
  number={3},
  pages={1081},
  year={1999},
  publisher={Am Physiological Soc}
}




@article{berger1986,
  title={An efficient algorithm for spectral analysis of heart rate variability},
  author={Berger, R.D. and Akselrod, S. and Gordon, D. and Cohen, R.J.},
  journal={Biomedical Engineering, IEEE Transactions on},
  number={9},
  pages={900--904},
  year={1986},
  publisher={IEEE}
}


@inproceedings{hyndman,
  title={A pulse modulator model for pacemaker activity},
  author={Hyndman, B.W. and Mohn, R.K.},
  booktitle={Digest of the 10th Int. Conf. Med. \& Biol. Eng},
  pages={223},
  year={1973},
}
@article{doroslovacki1998least,
  title={On the least asymmetric wavelets},
  author={Doroslovacki, M.L.},
  journal={Signal Processing, IEEE Transactions on},
  volume={46},
  number={4},
  pages={1125--1130},
  year={1998},
  publisher={IEEE}
}
@book{percival2006,
  title={Wavelet methods for time series analysis},
  author={Percival, D.B. and Walden, A.T.},
  volume={4},
  year={2006},
  publisher={Cambridge Univ Pr}
}

@inproceedings{vila2009r,
  title={An R package for heart rate variability analysis},
  author={Vila, XA and Lado, MJ and Mendez, AJ and Olivieri, DN and Linares, L.R.},
  booktitle={Intelligent Signal Processing, 2009. WISP 2009. IEEE International Symposium on},
  pages={217--222},
  year={2009},
  organization={IEEE}
}
@article{kautznerClinical,
  title={Clinical relevance of heart rate variability},
  author={Kautzner, J. and John Camm, A.},
  journal={Clinical cardiology},
  volume={20},
  number={2},
  pages={162--168},
  year={1997},
  publisher={Wiley Online Library}
}
@article{vilaRHRV,
  title={An open source tool for heart rate variability spectral analysis},
  author={Rodr{\'\i}guez-Li{\~{n}}ares, L. and M{\'e}ndez, A.J. and Lado, M.J. and Olivieri, D.N. and Vila, X.A. and G{\'o}mez-Conde, I.},
  journal={Computer Methods and Programs in Biomedicine},
  year={2010},
  publisher={Elsevier}
}
@inproceedings{waveletBiosignals,
  title={An open source tool for heart rate variability wavelet-based spectral analysis},
author="Garc{\'i}a, C.A. and Otero, A. and Vila, X.A. and Lado, M.J.",
  booktitle={International Joint Conference on Biomedical Engineering Systems and Technologies, BIOSIGNALS  2012},
  year={2012},
  }
  
@article{waveletArticle,
  title={A new algorithm for wavelet-based heart rate variability analysis},
  author={Constantino A. Garc\'{i}a, Abraham Otero, Xos\'{e} Vila and David G. M\'{a}rquez},
  journal={Biomedical Signal Processing and Control},
  volume={},
  number={},
  pages={},
  year={2013},
  publisher={Elsevier}
}

@misc{{R},
author = "R",
 year = {2011},
 howpublished = "\url{http://www.r-project.org}"
}

@misc{matlab,
author = "Matlab",
 year = {2011},
 howpublished = "\url{http://www.mathworks.com/index.html}"
}
@article{waveslim,
  title={The waveslim Package},
  author={Whitcher, B. and Whitcher, M.B.},
  journal={exchange},
  volume={20},
  year={2003}
}

@misc{ahrv,
author = "Nevrokard-aHRV",
 year = {2011},
 howpublished = "\url{http://www.nevrokard.eu/index.html}"
}


@article{hessWicker,
  title={Wavelets and time-frequency analysis},
  author={Hess-Nielsen, N. and Wickerhauser, M.V.},
  journal={Proceedings of the IEEE},
  volume={84},
  number={4},
  pages={523--540},
  year={1996},
  publisher={IEEE}
}
@inproceedings{coifman1992wavelet,
  title={Wavelet analysis and signal processing},
  author={Coifman, R.R. and Meyer, Y. and Wickerhauser, V.},
  booktitle={In Wavelets and their Applications},
  year={1992},
  organization={Citeseer}
}


@ONLINE{ansScholar,
title = {Autonomic nervous system{,}\\ {http://www.scholarpedia.org/article/Autonomic\_nervous\_system}},
url = {{http://www.scholarpedia.org/article/Autonomic\_nervous\_system}}
}


@ONLINE{cran,
title={The Comprehensive {R} Archive Network. http://cran.r-project.org/},
url = {http://cran.r-project.org/}
}

@ONLINE{Rproject,
title={The {R} Project for Statistical Computing. http://www.r-project.org/},
url = {http://www.r-project.org/}
}
